@manual{ARMManual,
  title        = {ARM64 Architecture Reference Manual},
  author       = {{ARM Holdings}},
  year         = 2020
}

@manual{ARMCompiler,
  title        = {Using the ARM64 calling convention},
  organization = {ARM Compiler Reference}
}

@book{CProgramming,
  title     = {The C Programming Language},
  author    = {Brian W. Kernighan and Dennis M. Ritchie},
  edition   = {2nd},
  publisher = {Prentice Hall},
  year      = {1988}  % Adjust the year if the edition is different
}

@book{ComputerArchitecture,
  title     = {Computer Architecture: A Quantitative Approach},
  author    = {John L. Hennessy and David A. Patterson},
  edition   = {5th},
  publisher = {Morgan Kaufmann},
  year      = {2011}
}
